@article{schrijver2012history,
  title={On the history of the shortest path problem},
  author={Schrijver, Alexander},
  journal={Documenta Mathematica},
  volume={17},
  number={1},
  pages={155--167},
  year={2012}
}

@inproceedings{johnson1972shortest,
  title={On shortest paths and sorting},
  author={Johnson, Ellis L},
  booktitle={Proceedings of the ACM annual conference-Volume 1},
  pages={510--517},
  year={1972}
}

@article{goldberg1996expected,
  title={Expected performance of Dijkstra’s shortest path algorithm},
  author={Goldberg, Andrew V and Tarjan, Robert E},
  year={1996},
  publisher={Citeseer}
}

@ARTICLE{6194296,
  author={Sturtevant, Nathan R.},
  journal={IEEE Transactions on Computational Intelligence and AI in Games}, 
  title={Benchmarks for Grid-Based Pathfinding}, 
  year={2012},
  volume={4},
  number={2},
  pages={144-148},
  doi={10.1109/TCIAIG.2012.2197681}}

@ARTICLE{5219222,
  author={Lee, C. Y.},
  journal={IRE Transactions on Electronic Computers}, 
  title={An Algorithm for Path Connections and Its Applications}, 
  year={1961},
  volume={EC-10},
  number={3},
  pages={346-365},
  doi={10.1109/TEC.1961.5219222}}


@article{korf1985depth,
  title={Depth-first iterative-deepening: An optimal admissible tree search},
  author={Korf, Richard E},
  journal={Artificial intelligence},
  volume={27},
  number={1},
  pages={97--109},
  year={1985},
  publisher={Elsevier}
}

@inproceedings{johnson1972shortest,
  title={On shortest paths and sorting},
  author={Johnson, Ellis L},
  booktitle={Proceedings of the ACM annual conference-Volume 1},
  pages={510--517},
  year={1972}
}

@article{lim2015uninformed,
  title={Uninformed pathfinding: A new approach},
  author={Lim, Kai Li and Seng, Kah Phooi and Yeong, Lee Seng and Ang, Li-Minn and Ch’ng, Sue Inn},
  journal={Expert systems with applications},
  volume={42},
  number={5},
  pages={2722--2730},
  year={2015},
  publisher={Elsevier}
}


@INPROCEEDINGS{4631975,
  author={Chiong, Raymond and Sutanto, Jofry Hadi and Jap, Wendy Japutra},
  booktitle={2008 International Symposium on Information Technology}, 
  title={A comparative study on informed and uninformed search for intelligent travel planning in Borneo Island}, 
  year={2008},
  volume={3},
  number={},
  pages={1-5},
  doi={10.1109/ITSIM.2008.4631975}}

@ARTICLE{4082128,
  author={Hart, Peter E. and Nilsson, Nils J. and Raphael, Bertram},
  journal={IEEE Transactions on Systems Science and Cybernetics}, 
  title={A Formal Basis for the Heuristic Determination of Minimum Cost Paths}, 
  year={1968},
  volume={4},
  number={2},
  pages={100-107},
  doi={10.1109/TSSC.1968.300136}}

@article{reif1985depth,
  title={Depth-first search is inherently sequential},
  author={Reif, John H},
  journal={Information Processing Letters},
  volume={20},
  number={5},
  pages={229--234},
  year={1985},
  publisher={Elsevier}
}

@inproceedings{dijkstra1959,
  title={A Note on Two Problems in Connexion with Graphs},
  author={E.W. Dijkstra},
  booktitle={Numerische Mathematik},
  volume={1},
  number={1},
  pages={269--271},
  year={1959},
}

@article{foead2021systematic,
  title={A systematic literature review of A* pathfinding},
  author={Foead, Daniel and Ghifari, Alifio and Kusuma, Marchel Budi and Hanafiah, Novita and Gunawan, Eric},
  journal={Procedia Computer Science},
  volume={179},
  pages={507--514},
  year={2021},
  publisher={Elsevier}
}

@article{monzonis2019pathfinding,
author={Monzon{\'\i}s Laparra, Daniel},
title = {Pathfinding algorithms in graphs and applications},
journal = {Diposit Digital de la Universitat De Barcelona},
year = {2019},
publisher = {Universitat De Barcelona}
}

@incollection{ashish2021path,
  title={Path finding algorithms},
  author={Ashish, DDV and Munjal, Sakshi and Mani, Mayank and Srivastava, Sarthak},
  booktitle={Emerging Technologies in Data Mining and Information Security},
  pages={331--338},
  year={2021},
  publisher={Springer}
}

@article{magzhan2013review,
  title={A review and evaluations of shortest path algorithms},
  author={Magzhan, Kairanbay and Jani, Hajar Mat},
  journal={International journal of scientific \& technology research},
  volume={2},
  number={6},
  pages={99--104},
  year={2013}
}

@inproceedings{rachmawati2020analysis,
  title={Analysis of Dijkstra’s algorithm and A* Algorithm in shortest path problem},
  author={Rachmawati, Dian and Gustin, Lysander},
  booktitle={Journal of Physics: Conference Series},
  volume={1566},
  number={1},
  pages={012061},
  year={2020},
  organization={IOP Publishing}
}